% za template glej: https://en.wikibooks.org/wiki/LaTeX/Bibliography_Management

@phdthesis{janez_phd,
    title={Metode razmeščanja in povezovanja logičnih primitivov kvantnih celičnih avtomatov: doktorska disertacija},
    school={Univerza v Ljubljani, Fakulteta za računalništvo in informatiko},
    author={Janež, Miha},
    year={2012}
}
