% za template glej: https://en.wikibooks.org/wiki/LaTeX/Bibliography_Management

@phdthesis{janez_phd,
    title={Metode razmeščanja in povezovanja logičnih primitivov kvantnih celičnih avtomatov: doktorska disertacija},
    school={Univerza v Ljubljani, Fakulteta za računalništvo in informatiko},
    author={Janež, Miha},
    year={2012}
}

@article{cam_toffoli,
    author = {Toffoli, Tommaso and Margolus, Norman},
    year = {1987},
    month = {10},
    pages = {967},
    title = {Cellular Automata Machines},
    volume = {1},
    isbn = {978-0-262-20060-8},
    journal = {Complex Systems}
}

@article{lent_1993,
	doi = {10.1088/0957-4484/4/1/004},
	year = 1993,
	month = {jan},
	publisher = {{IOP} Publishing},
	volume = {4},
	number = {1},
	pages = {49--57},
	author = {C S Lent and P D Tougaw and W Porod and G H Bernstein},
	title = {Quantum cellular automata},
	journal = {Nanotechnology}
}

@article{a_novel_approach,
	doi = {10.1109/CCWC.2018.8301775},
	year = 2018,
	month = {jan},
	publisher = {{IEEE}},
	pages = {408-414},
	author = {R. {Chakrabarty} and D. K. {Mahato} and A. {Banerjee} and S. {Choudhuri} and M. {Dey} and N. K. {Mandal}},
	title = {A novel design of flip-flop circuits using quantum dot cellular automata (QCA)},
	journal = {2018 {IEEE} 8th Annual Computing and Communication Workshop and Conference ({CCWC})}
}

@article{quantum_dot,
  year={2002},
  volume={2500},
  pages={1--5},
  author={Vetteth, Anoop and Walus, Konrad and Dimitrov, Vassil S. and Jullien, Graham A.},
  title={Quantum-dot cellular automata of flip-flops},
  journal={ATIPS Laboratory}
}
